@misc{creately-no-date,
    author = {Creately},
    title = {{Git Flow Diagram}},
    url = {https://creately.com/diagram/example/jkw3k76e4/git-flow-diagram},
}