@article{openai-2023,
    author = {{OpenAI}},
    date = {2023-01-06},
    title = {ChatGPT: Optimizing Language Models for Dialogue},
    url = {https://openai.com/blog/chatgpt/},
    urldate = {2023-01-09},
}